
              <marcx:record format="danMARC2" type="BibliographicMain">
                <marcx:leader>00000n    2200000   4500</marcx:leader>
                <marcx:datafield ind1="0" ind2="0" tag="001">
                  <marcx:subfield code="a">49258216</marcx:subfield>
                  <marcx:subfield code="b">870970</marcx:subfield>
                  <marcx:subfield code="c">20120308105410</marcx:subfield>
                  <marcx:subfield code="d">20000316</marcx:subfield>
                  <marcx:subfield code="f">a</marcx:subfield>
                </marcx:datafield>
                <marcx:datafield ind1="0" ind2="0" tag="004">
                  <marcx:subfield code="r">n</marcx:subfield>
                  <marcx:subfield code="a">h</marcx:subfield>
                </marcx:datafield>
                <marcx:datafield ind1="0" ind2="0" tag="008">
                  <marcx:subfield code="u">c</marcx:subfield>
                  <marcx:subfield code="a">2000</marcx:subfield>
                  <marcx:subfield code="b">dk</marcx:subfield>
                  <marcx:subfield code="c">a</marcx:subfield>
                  <marcx:subfield code="d">y</marcx:subfield>
                  <marcx:subfield code="h">z</marcx:subfield>
                  <marcx:subfield code="i">b</marcx:subfield>
                  <marcx:subfield code="l">dan</marcx:subfield>
                  <marcx:subfield code="v">0</marcx:subfield>
                </marcx:datafield>
                <marcx:datafield ind1="0" ind2="0" tag="009">
                  <marcx:subfield code="a">a</marcx:subfield>
                  <marcx:subfield code="g">xx</marcx:subfield>
                </marcx:datafield>
                <marcx:datafield ind1="0" ind2="0" tag="018">
                  <marcx:subfield code="a">49258208</marcx:subfield>
                </marcx:datafield>
                <marcx:datafield ind1="0" ind2="0" tag="022">
                  <marcx:subfield code="a">1600-0293</marcx:subfield>
                </marcx:datafield>
                <marcx:datafield ind1="0" ind2="0" tag="082">
                  <marcx:subfield code="a">362.948 9</marcx:subfield>
                  <marcx:subfield code="c">21</marcx:subfield>
                </marcx:datafield>
                <marcx:datafield ind1="0" ind2="0" tag="245">
                  <marcx:subfield code="a">Social- &amp; sundhedssektorens håndbog</marcx:subfield>
                  <marcx:subfield code="c">hvem-hvad-hvor</marcx:subfield>
                </marcx:datafield>
                <marcx:datafield ind1="0" ind2="0" tag="255">
                  <marcx:subfield code="a">2000-</marcx:subfield>
                </marcx:datafield>
                <marcx:datafield ind1="0" ind2="0" tag="260">
                  <marcx:subfield code="&amp;">1</marcx:subfield>
                  <marcx:subfield code="a">Asnæs</marcx:subfield>
                  <marcx:subfield code="d">Høve Stræde 1, 4550</marcx:subfield>
                  <marcx:subfield code="b">Retail Institute Scandinavia, Stockmann</marcx:subfield>
                  <marcx:subfield code="c">2000-</marcx:subfield>
                </marcx:datafield>
                <marcx:datafield ind1="0" ind2="0" tag="500">
                  <marcx:subfield code="a">Årlig</marcx:subfield>
                </marcx:datafield>
                <marcx:datafield ind1="0" ind2="0" tag="505">
                  <marcx:subfield code="&amp;">1</marcx:subfield>
                  <marcx:subfield code="a">Årspublikation</marcx:subfield>
                </marcx:datafield>
                <marcx:datafield ind1="0" ind2="0" tag="512">
                  <marcx:subfield code="i">Omslagstitel</marcx:subfield>
                  <marcx:subfield code="t">Social- &amp; sundhedssektorens hvem, hvad, hvor</marcx:subfield>
                </marcx:datafield>
                <marcx:datafield ind1="0" ind2="0" tag="512">
                  <marcx:subfield code="i">Varianttitel</marcx:subfield>
                  <marcx:subfield code="t">Social- og sundhedssektorens håndbog</marcx:subfield>
                </marcx:datafield>
                <marcx:datafield ind1="0" ind2="0" tag="526">
                  <marcx:subfield code="i">Fortsættelse af</marcx:subfield>
                  <marcx:subfield code="t">Håndbog for social- og sundhedssektor</marcx:subfield>
                </marcx:datafield>
                <marcx:datafield ind1="0" ind2="0" tag="539">
                  <marcx:subfield code="a">2012, udgivet 2011</marcx:subfield>
                </marcx:datafield>
                <marcx:datafield ind1="0" ind2="0" tag="652">
                  <marcx:subfield code="m">38.4</marcx:subfield>
                </marcx:datafield>
              </marcx:record>